1CClientBankExchange
ВерсияФормата=1.02
Кодировка=Windows
Отправитель=Cистема Авангард Интернет-Банк
Получатель=Бухгалтерский учет, редакция 4.4
ДатаНачала=01.10.2014
ДатаКонца=02.10.2014
РасчСчет=40802810727100015991
СекцияРасчСчет
ДатаНачала=01.10.2017
ДатаКонца=02.11.2017
РасчСчет=40802810727100015991
НачальныйОстаток=884.42
ВсегоПоступило=187541
ВсегоСписано=177331.65
КонечныйОстаток=11093.77
КонецРасчСчет
КонецДокумента