1CClientBankExchange
ВерсияФормата=1.02
Кодировка=Windows
Отправитель=Cистема Авангард Интернет-Банк
Получатель=Бухгалтерский учет, редакция 4.4
ДатаНачала=01.10.2014
ДатаКонца=26.12.2014
РасчСчет=40802810727100015991
СекцияРасчСчет
ДатаНачала=15.10.2017
ДатаКонца=15.11.2017
РасчСчет=40802810727100015991
НачальныйОстаток=884.42
ВсегоПоступило=187541
ВсегоСписано=177331.65
КонечныйОстаток=11093.77
КонецРасчСчет

СекцияДокумент=Платежное поручение
Номер=2
Дата=18.10.2017
Сумма=10356
ДатаСписано=
Плательщик=ИНН 701719119077 Копытин Алексей Юрьевич
ПлательщикИНН=701719119077
ПлательщикСчет=40817810227110904082
Плательщик1=Копытин Алексей Юрьевич
ПлательщикРасчСчет=40817810227110904082
ПлательщикБанк1=ОАО АКБ "АВАНГАРД"
ПлательщикБанк2=г. МОСКВА
ПлательщикБИК=044525201
ПлательщикКорсчет=30101810000000000201
ДатаПоступило=15.10.2017
Получатель=ИНН 701719119077 Копытин Алексей Юрьевич (ИП)
ПолучательИНН=701719119077
ПолучательСчет=40802810727100015991
Получатель1=Копытин Алексей Юрьевич (ИП)
ПолучательРасчСчет=40802810727100015991
ПолучательБанк1=ОАО АКБ "АВАНГАРД"
ПолучательБанк2=г. МОСКВА
ПолучательБИК=044525201
ПолучательКорсчет=30101810000000000201
ВидОплаты=01
СрокПлатежа=
Очередность=5
НазначениеПлатежа=Взнос на счет ип. Сумма 10356.00, НДС не облагается
КонецДокумента