1CClientBankExchange
ВерсияФормата=1.02
Кодировка=Windows
Отправитель=Система интернет банк
Получатель=
ДатаСоздания=01.03.2018
ВремяСоздания=16:51:38
ДатаНачала=01.03.2018
ДатаКонца=31.03.2018
РасчСчет=40702810101500002901
СекцияРасчСчет
ДатаНачала=01.03.2018
ДатаКонца=31.03.2018
РасчСчет=40702810101500002901
НачальныйОстаток=1249038.25
ВсегоПоступило=2167988.48
ВсегоСписано=2409690.74
КонечныйОстаток=1007335.99
КонецРасчСчет
СекцияДокумент=Банковский ордер
Номер=10950
Дата=03.03.2018
Сумма=2983.85
ПлательщикСчет=47426810901500012632
ДатаСписано=
ПлательщикИНН=7706092528
Плательщик1=Точка ПАО Банка «ФК Открытие»
ПлательщикРасчСчет=47426810901500012632
ПлательщикБанк1=Точка ПАО Банка "ФК Открытие", МОСКВА
ПлательщикБанк2=МОСКВА
ПлательщикБИК=044525999
ПлательщикКорсчет=30101810845250000999
ПолучательСчет=40702810101500002901
ДатаПоступило=03.03.2018
ПолучательИНН=7724384530
Получатель1=ООО "ЛЭВЭЛ АП"
ПолучательРасчСчет=40702810101500002901
ПолучательБанк1=ТОЧКА ПАО БАНКА «ФК ОТКРЫТИЕ»
ПолучательБанк2=МОСКВА
ПолучательБИК=044525999
ПолучательКорсчет=30101810845250000999
ВидПлатежа=Электронно
ВидОплаты=17
ПолучательКПП=772401001
СрокПлатежа=03.03.2018
Очередность=5
НазначениеПлатежа=Выплата процентов на остаток по счету за период с 01.03.2018 по 30.03.2018 согласно тарифам.
КонецДокумента
СекцияДокумент=Платежное поручение
Номер=62
Дата=04.03.2018
Сумма=55000
ПлательщикСчет=40702810101500002901
ДатаСписано=04.03.2018
ПлательщикИНН=7724384530
Плательщик1=ООО "ЛЭВЭЛ АП"
ПлательщикРасчСчет=40702810101500002901
ПлательщикБанк1=ТОЧКА ПАО БАНКА «ФК ОТКРЫТИЕ»
ПлательщикБанк2=МОСКВА
ПлательщикБИК=044525999
ПлательщикКорсчет=30101810845250000999
ПолучательСчет=40802810694000003456
ДатаПоступило=
ПолучательИНН=771705194960
Получатель1=ИП Панкратов Дмитрий Станиславович
ПолучательРасчСчет=40802810694000003456
ПолучательБанк1=ФИЛИАЛ ЦЕНТРАЛЬНЫЙ ПАО БАНКА "ФК ОТКРЫТИЕ", МОСКВА
ПолучательБанк2=МОСКВА
ПолучательБИК=044525297
ПолучательКорсчет=30101810945250000297
ВидПлатежа=Электронно
ВидОплаты=01
ПлательщикКПП=772401001
СрокПлатежа=04.03.2018
Очередность=5
НазначениеПлатежа=Ежемесячная арендная плата по Договору аренды нежилого помещения, июль 2018 г. Без НДС
КонецДокумента
СекцияДокумент=Платежное поручение
Номер=63
Дата=04.03.2018
Сумма=55000
ПлательщикСчет=40702810101500002901
ДатаСписано=04.03.2018
ПлательщикИНН=7724384530
Плательщик1=ООО "ЛЭВЭЛ АП"
ПлательщикРасчСчет=40702810101500002901
ПлательщикБанк1=ТОЧКА ПАО БАНКА «ФК ОТКРЫТИЕ»
ПлательщикБанк2=МОСКВА
ПлательщикБИК=044525999
ПлательщикКорсчет=30101810845250000999
ПолучательСчет=40802810994000003457
ДатаПоступило=
ПолучательИНН=771700487836
Получатель1=ИП Панкратов Станислав Дмитриевич
ПолучательРасчСчет=40802810994000003457
ПолучательБанк1=ФИЛИАЛ ЦЕНТРАЛЬНЫЙ ПАО БАНКА "ФК ОТКРЫТИЕ", МОСКВА
ПолучательБанк2=МОСКВА
ПолучательБИК=044525297
ПолучательКорсчет=30101810945250000297
ВидПлатежа=Электронно
ВидОплаты=01
ПлательщикКПП=772401001
СрокПлатежа=04.03.2018
Очередность=5
НазначениеПлатежа=Ежемесячная арендная плата по Договору аренды нежилого помещения, июль 2018 г. Без НДС
КонецДокумента
СекцияДокумент=Платежное поручение
Номер=64
Дата=04.03.2018
Сумма=10000
ПлательщикСчет=40702810101500002901
ДатаСписано=04.03.2018
ПлательщикИНН=7724384530
Плательщик1=ООО "ЛЭВЭЛ АП"
ПлательщикРасчСчет=40702810101500002901
ПлательщикБанк1=ТОЧКА ПАО БАНКА «ФК ОТКРЫТИЕ»
ПлательщикБанк2=МОСКВА
ПлательщикБИК=044525999
ПлательщикКорсчет=30101810845250000999
ПолучательСчет=40702810410000032211
ДатаПоступило=
ПолучательИНН=7724384530
Получатель1=ОБЩЕСТВО С ОГРАНИЧЕННОЙ ОТВЕТСТВЕННОСТЬЮ "ЛЭВЭЛ АП"
ПолучательРасчСчет=40702810410000032211
ПолучательБанк1=АО "ТИНЬКОФФ БАНК", МОСКВА
ПолучательБанк2=МОСКВА
ПолучательБИК=044525974
ПолучательКорсчет=30101810145250000974
ВидПлатежа=Электронно
ВидОплаты=01
ПлательщикКПП=772401001
ПолучательКПП=772401001
СрокПлатежа=04.03.2018
Очередность=5
НазначениеПлатежа=Перевод средств на другой расчетный счет организации ООО "Лэвэл Ап". НДС не облагается
КонецДокумента
СекцияДокумент=Платежное поручение
Номер=65
Дата=04.03.2018
Сумма=12000
ПлательщикСчет=40702810101500002901
ДатаСписано=04.03.2018
ПлательщикИНН=7724384530
Плательщик1=ООО "ЛЭВЭЛ АП"
ПлательщикРасчСчет=40702810101500002901
ПлательщикБанк1=ТОЧКА ПАО БАНКА «ФК ОТКРЫТИЕ»
ПлательщикБанк2=МОСКВА
ПлательщикБИК=044525999
ПлательщикКорсчет=30101810845250000999
ПолучательСчет=40802810700000001894
ДатаПоступило=
ПолучательИНН=770106145828
Получатель1=ИП КОСТ АЛЕКСАНДРА ВЯЧЕСЛАВОВНА
ПолучательРасчСчет=40802810700000001894
ПолучательБанк1=АО "ТИНЬКОФФ БАНК", МОСКВА
ПолучательБанк2=МОСКВА
ПолучательБИК=044525974
ПолучательКорсчет=30101810145250000974
ВидПлатежа=Электронно
ВидОплаты=01
ПлательщикКПП=772401001
СрокПлатежа=04.03.2018
Очередность=5
НазначениеПлатежа=Оплата услуг по счету №2 от 03.03.2018 за изготовление видеоролика по ДС №02 к Договору №29/05/2018 от 29 мая 2018 г. Без НДС
КонецДокумента
СекцияДокумент=Банковский ордер
Номер=410994
Дата=04.03.2018
Сумма=2500
ПлательщикСчет=40702810101500002901
ДатаСписано=04.03.2018
ПлательщикИНН=7724384530
Плательщик1=ООО "ЛЭВЭЛ АП"
ПлательщикРасчСчет=40702810101500002901
ПлательщикБанк1=ТОЧКА ПАО БАНКА «ФК ОТКРЫТИЕ»
ПлательщикБанк2=МОСКВА
ПлательщикБИК=044525999
ПлательщикКорсчет=30101810845250000999
ПолучательСчет=70601810700272720216
ДатаПоступило=
ПолучательИНН=7706092528
Получатель1=Филиал Точка Публичного акционерного общества Банка "Финансовая Корпорация Открытие"
ПолучательРасчСчет=70601810700272720216
ПолучательБанк1=Точка ПАО Банка "ФК Открытие", МОСКВА
ПолучательБанк2=МОСКВА
ПолучательБИК=044525999
ПолучательКорсчет=30101810845250000999
ВидПлатежа=Электронно
ВидОплаты=17
ПлательщикКПП=772401001
ПолучательКПП=770543002
СрокПлатежа=04.03.2018
Очередность=5
НазначениеПлатежа=Оплата тарифного плана "Эконом" за ведение счёта с 01.07.17 по 31.07.17. Списывается после проведения первой операции, согласно Правилам банковского обслуживания. НДС не предусмотрен.  
КонецДокумента
СекцияДокумент=Банковский ордер
Номер=276057
Дата=06.03.2018
Сумма=495.47
ПлательщикСчет=40702810101500002901
ДатаСписано=06.03.2018
ПлательщикИНН=7724384530
Плательщик1=ООО "ЛЭВЭЛ АП"
ПлательщикРасчСчет=40702810101500002901
ПлательщикБанк1=ТОЧКА ПАО БАНКА «ФК ОТКРЫТИЕ»
ПлательщикБанк2=МОСКВА
ПлательщикБИК=044525999
ПлательщикКорсчет=30101810845250000999
ПолучательСчет=70601810600272720222
ДатаПоступило=
ПолучательИНН=7706092528
Получатель1=Филиал Точка Публичного акционерного общества Банка "Финансовая Корпорация Открытие"
ПолучательРасчСчет=70601810600272720222
ПолучательБанк1=Точка ПАО Банка "ФК Открытие", МОСКВА
ПолучательБанк2=МОСКВА
ПолучательБИК=044525999
ПолучательКорсчет=30101810845250000999
ВидПлатежа=Электронно
ВидОплаты=17
ПлательщикКПП=772401001
ПолучательКПП=770543002
СрокПлатежа=06.03.2018
Очередность=5
НазначениеПлатежа=Комиссия за осуществление валютного контроля по платежу от 06.03.2018 на сумму 6542 USD согласно Правилам банковского обслуживания.
КонецДокумента
СекцияДокумент=Банковский ордер
Номер=276059
Дата=06.03.2018
Сумма=89.18
ПлательщикСчет=40702810101500002901
ДатаСписано=06.03.2018
ПлательщикИНН=7724384530
Плательщик1=ООО "ЛЭВЭЛ АП"
ПлательщикРасчСчет=40702810101500002901
ПлательщикБанк1=ТОЧКА ПАО БАНКА «ФК ОТКРЫТИЕ»
ПлательщикБанк2=МОСКВА
ПлательщикБИК=044525999
ПлательщикКорсчет=30101810845250000999
ПолучательСчет=60309810800270000001
ДатаПоступило=
ПолучательИНН=7706092528
Получатель1=Филиал Точка Публичного акционерного общества Банка "Финансовая Корпорация Открытие"
ПолучательРасчСчет=60309810800270000001
ПолучательБанк1=Точка ПАО Банка "ФК Открытие", МОСКВА
ПолучательБанк2=МОСКВА
ПолучательБИК=044525999
ПолучательКорсчет=30101810845250000999
ВидПлатежа=Электронно
ВидОплаты=17
ПлательщикКПП=772401001
ПолучательКПП=770543002
СрокПлатежа=06.03.2018
Очередность=5
НазначениеПлатежа=НДС в составе комиссии за осуществление валютного контроля по платежу от 06.03.2018 на сумму 6542 USD согласно Правилам банковского обслуживания.
КонецДокумента
СекцияДокумент=Платежное поручение
Номер=67
Дата=07.03.2018
Сумма=27140
ПлательщикСчет=40702810101500002901
ДатаСписано=07.03.2018
ПлательщикИНН=7724384530
Плательщик1=ООО "ЛЭВЭЛ АП"
ПлательщикРасчСчет=40702810101500002901
ПлательщикБанк1=ТОЧКА ПАО БАНКА «ФК ОТКРЫТИЕ»
ПлательщикБанк2=МОСКВА
ПлательщикБИК=044525999
ПлательщикКорсчет=30101810845250000999
ПолучательСчет=40702810838290112511
ДатаПоступило=
ПолучательИНН=7709761209
Получатель1=ЗАКРЫТОЕ АКЦИОНЕРНОЕ ОБЩЕСТВО "БЛОНДИНКА.РУ"
ПолучательРасчСчет=40702810838290112511
ПолучательБанк1=ПАО СБЕРБАНК, МОСКВА
ПолучательБанк2=МОСКВА
ПолучательБИК=044525225
ПолучательКорсчет=30101810400000000225
ВидПлатежа=Электронно
ВидОплаты=01
ПлательщикКПП=772401001
СрокПлатежа=07.03.2018
Очередность=5
НазначениеПлатежа=Размещение интернет-рекламы на сайте "VK.com" по ДС №9 от 03.07.2018 г. к Договору № БЛ-1696/0117 от 16.03.2018 г. В т.ч. НДС 18% 4140.00
КонецДокумента
СекцияДокумент=Банковский ордер
Номер=317943
Дата=07.03.2018
Сумма=506.03
ПлательщикСчет=40702810101500002901
ДатаСписано=07.03.2018
ПлательщикИНН=7724384530
Плательщик1=ООО "ЛЭВЭЛ АП"
ПлательщикРасчСчет=40702810101500002901
ПлательщикБанк1=ТОЧКА ПАО БАНКА «ФК ОТКРЫТИЕ»
ПлательщикБанк2=МОСКВА
ПлательщикБИК=044525999
ПлательщикКорсчет=30101810845250000999
ПолучательСчет=70601810600272720222
ДатаПоступило=
ПолучательИНН=7706092528
Получатель1=Филиал Точка Публичного акционерного общества Банка "Финансовая Корпорация Открытие"
ПолучательРасчСчет=70601810600272720222
ПолучательБанк1=Точка ПАО Банка "ФК Открытие", МОСКВА
ПолучательБанк2=МОСКВА
ПолучательБИК=044525999
ПолучательКорсчет=30101810845250000999
ВидПлатежа=Электронно
ВидОплаты=17
ПлательщикКПП=772401001
ПолучательКПП=770543002
СрокПлатежа=07.03.2018
Очередность=5
НазначениеПлатежа=Комиссия за осуществление валютного контроля по платежу от 07.03.2018 на сумму 6608 USD согласно Правилам банковского обслуживания.
КонецДокумента
СекцияДокумент=Банковский ордер
Номер=317945
Дата=07.03.2018
Сумма=91.09
ПлательщикСчет=40702810101500002901
ДатаСписано=07.03.2018
ПлательщикИНН=7724384530
Плательщик1=ООО "ЛЭВЭЛ АП"
ПлательщикРасчСчет=40702810101500002901
ПлательщикБанк1=ТОЧКА ПАО БАНКА «ФК ОТКРЫТИЕ»
ПлательщикБанк2=МОСКВА
ПлательщикБИК=044525999
ПлательщикКорсчет=30101810845250000999
ПолучательСчет=60309810800270000001
ДатаПоступило=
ПолучательИНН=7706092528
Получатель1=Филиал Точка Публичного акционерного общества Банка "Финансовая Корпорация Открытие"
ПолучательРасчСчет=60309810800270000001
ПолучательБанк1=Точка ПАО Банка "ФК Открытие", МОСКВА
ПолучательБанк2=МОСКВА
ПолучательБИК=044525999
ПолучательКорсчет=30101810845250000999
ВидПлатежа=Электронно
ВидОплаты=17
ПлательщикКПП=772401001
ПолучательКПП=770543002
СрокПлатежа=07.03.2018
Очередность=5
НазначениеПлатежа=НДС в составе комиссии за осуществление валютного контроля по платежу от 07.07.2018 на сумму 6608 USD согласно Правилам банковского обслуживания.  
КонецДокумента
СекцияДокумент=Мемориальный ордер
Номер=70
Дата=11.03.2018
Сумма=795016.13
ПлательщикСчет=40702840901500000225
ДатаСписано=
ПлательщикИНН=
Плательщик1=ООО "ЛЭВЭЛ АП"
ПлательщикРасчСчет=40702840901500000225
ПлательщикБанк1=Точка ПАО Банка "ФК Открытие", МОСКВА
ПлательщикБанк2=МОСКВА
ПлательщикБИК=044525999
ПлательщикКорсчет=30101810845250000999
ПолучательСчет=40702810101500002901
ДатаПоступило=11.03.2018
ПолучательИНН=7724384530
Получатель1=ООО "ЛЭВЭЛ АП"
ПолучательРасчСчет=40702810101500002901
ПолучательБанк1=ТОЧКА ПАО БАНКА «ФК ОТКРЫТИЕ»
ПолучательБанк2=МОСКВА
ПолучательБИК=044525999
ПолучательКорсчет=30101810845250000999
ВидПлатежа=Электронно
ВидОплаты=09
ПолучательКПП=772401001
СрокПлатежа=11.03.2018
Очередность=5
НазначениеПлатежа=Продажа USD за рубли по курсу 60.4575 RUB за 1 USD по заявлению от 11.03.2018. НДС не предусмотрен.
КонецДокумента
СекцияДокумент=Банковский ордер
Номер=13520
Дата=13.03.2018
Сумма=316.05
ПлательщикСчет=40702810101500002901
ДатаСписано=13.03.2018
ПлательщикИНН=7724384530
Плательщик1=ООО "ЛЭВЭЛ АП"
ПлательщикРасчСчет=40702810101500002901
ПлательщикБанк1=ТОЧКА ПАО БАНКА «ФК ОТКРЫТИЕ»
ПлательщикБанк2=МОСКВА
ПлательщикБИК=044525999
ПлательщикКорсчет=30101810845250000999
ПолучательСчет=70601810600272720222
ДатаПоступило=
ПолучательИНН=7706092528
Получатель1=Филиал Точка Публичного акционерного общества Банка "Финансовая Корпорация Открытие"
ПолучательРасчСчет=70601810600272720222
ПолучательБанк1=Точка ПАО Банка "ФК Открытие", МОСКВА
ПолучательБанк2=МОСКВА
ПолучательБИК=044525999
ПолучательКорсчет=30101810845250000999
ВидПлатежа=Электронно
ВидОплаты=17
ПлательщикКПП=772401001
ПолучательКПП=770543002
СрокПлатежа=13.03.2018
Очередность=5
НазначениеПлатежа=Комиссия за осуществление валютного контроля по документу №1356 от 13.07.2018 согласно Правилам банковского обслуживания.  
КонецДокумента
СекцияДокумент=Банковский ордер
Номер=13522
Дата=13.03.2018
Сумма=56.89
ПлательщикСчет=40702810101500002901
ДатаСписано=13.03.2018
ПлательщикИНН=7724384530
Плательщик1=ООО "ЛЭВЭЛ АП"
ПлательщикРасчСчет=40702810101500002901
ПлательщикБанк1=ТОЧКА ПАО БАНКА «ФК ОТКРЫТИЕ»
ПлательщикБанк2=МОСКВА
ПлательщикБИК=044525999
ПлательщикКорсчет=30101810845250000999
ПолучательСчет=60309810800270000001
ДатаПоступило=
ПолучательИНН=7706092528
Получатель1=Филиал Точка Публичного акционерного общества Банка "Финансовая Корпорация Открытие"
ПолучательРасчСчет=60309810800270000001
ПолучательБанк1=Точка ПАО Банка "ФК Открытие", МОСКВА
ПолучательБанк2=МОСКВА
ПолучательБИК=044525999
ПолучательКорсчет=30101810845250000999
ВидПлатежа=Электронно
ВидОплаты=17
ПлательщикКПП=772401001
ПолучательКПП=770543002
СрокПлатежа=13.03.2018
Очередность=5
НазначениеПлатежа=НДС в составе комиссии за осуществление валютного контроля по документу №1356 от 13.07.2018 согласно Правилам банковского обслуживания.  
КонецДокумента
СекцияДокумент=Банковский ордер
Номер=13525
Дата=13.03.2018
Сумма=392.4
ПлательщикСчет=40702810101500002901
ДатаСписано=13.03.2018
ПлательщикИНН=7724384530
Плательщик1=ООО "ЛЭВЭЛ АП"
ПлательщикРасчСчет=40702810101500002901
ПлательщикБанк1=ТОЧКА ПАО БАНКА «ФК ОТКРЫТИЕ»
ПлательщикБанк2=МОСКВА
ПлательщикБИК=044525999
ПлательщикКорсчет=30101810845250000999
ПолучательСчет=70601810600272720222
ДатаПоступило=
ПолучательИНН=7706092528
Получатель1=Филиал Точка Публичного акционерного общества Банка "Финансовая Корпорация Открытие"
ПолучательРасчСчет=70601810600272720222
ПолучательБанк1=Точка ПАО Банка "ФК Открытие", МОСКВА
ПолучательБанк2=МОСКВА
ПолучательБИК=044525999
ПолучательКорсчет=30101810845250000999
ВидПлатежа=Электронно
ВидОплаты=17
ПлательщикКПП=772401001
ПолучательКПП=770543002
СрокПлатежа=13.03.2018
Очередность=5
НазначениеПлатежа=Комиссия за осуществление валютного контроля по документу №1355 от 13.07.2018 согласно Правилам банковского обслуживания.  
КонецДокумента
СекцияДокумент=Банковский ордер
Номер=13527
Дата=13.03.2018
Сумма=70.63
ПлательщикСчет=40702810101500002901
ДатаСписано=13.03.2018
ПлательщикИНН=7724384530
Плательщик1=ООО "ЛЭВЭЛ АП"
ПлательщикРасчСчет=40702810101500002901
ПлательщикБанк1=ТОЧКА ПАО БАНКА «ФК ОТКРЫТИЕ»
ПлательщикБанк2=МОСКВА
ПлательщикБИК=044525999
ПлательщикКорсчет=30101810845250000999
ПолучательСчет=60309810800270000001
ДатаПоступило=
ПолучательИНН=7706092528
Получатель1=Филиал Точка Публичного акционерного общества Банка "Финансовая Корпорация Открытие"
ПолучательРасчСчет=60309810800270000001
ПолучательБанк1=Точка ПАО Банка "ФК Открытие", МОСКВА
ПолучательБанк2=МОСКВА
ПолучательБИК=044525999
ПолучательКорсчет=30101810845250000999
ВидПлатежа=Электронно
ВидОплаты=17
ПлательщикКПП=772401001
ПолучательКПП=770543002
СрокПлатежа=13.03.2018
Очередность=5
НазначениеПлатежа=НДС в составе комиссии за осуществление валютного контроля по документу №1355 от 13.07.2018 согласно Правилам банковского обслуживания.  
КонецДокумента
СекцияДокумент=Платежное поручение
Номер=1356
Дата=13.03.2018
Сумма=248626
ПлательщикСчет=40807810600200088002
ДатаСписано=
ПлательщикИНН=9909384544
Плательщик1=РАЙОТ ГЕЙМС Ю.С.ХОЛДИНГС ЛЛС ФИЛИАЛ КОМП.С ОГРАН.ОТВ. В Г.МОСКВЕ//125047; РОССИЯ,,, Г.МОСКВА,УЛ.ЛЕСНАЯ, Д.9,,,//
ПлательщикРасчСчет=40807810600200088002
ПлательщикБанк1=АО КБ "СИТИБАНК", МОСКВА
ПлательщикБанк2=МОСКВА
ПлательщикБИК=044525202
ПлательщикКорсчет=30101810300000000202
ПолучательСчет=40702810101500002901
ДатаПоступило=13.03.2018
ПолучательИНН=7724384530
Получатель1=ООО "ЛЭВЭЛ АП"
ПолучательРасчСчет=40702810101500002901
ПолучательБанк1=ТОЧКА ПАО БАНКА «ФК ОТКРЫТИЕ»
ПолучательБанк2=МОСКВА
ПолучательБИК=044525999
ПолучательКорсчет=30101810845250000999
ВидПлатежа=Электронно
ВидОплаты=01
ПолучательКПП=772401001
СрокПлатежа=13.03.2018
Очередность=5
НазначениеПлатежа={VO20200} Оплата по счету №RG-10 от03.07.2018г. за услуги по продвиже нию и популяризации игры, июнь 2018г.                                  ВКЛЮЧАЯ НДС 18% 37926
КонецДокумента
СекцияДокумент=Банковский ордер
Номер=20310
Дата=17.03.2018
Сумма=53.39
ПлательщикСчет=40702810101500002901
ДатаСписано=17.03.2018
ПлательщикИНН=7724384530
Плательщик1=ООО "ЛЭВЭЛ АП"
ПлательщикРасчСчет=40702810101500002901
ПлательщикБанк1=ТОЧКА ПАО БАНКА «ФК ОТКРЫТИЕ»
ПлательщикБанк2=МОСКВА
ПлательщикБИК=044525999
ПлательщикКорсчет=30101810845250000999
ПолучательСчет=60309810800270000001
ДатаПоступило=
ПолучательИНН=7706092528
Получатель1=Филиал Точка Публичного акционерного общества Банка "Финансовая Корпорация Открытие"
ПолучательРасчСчет=60309810800270000001
ПолучательБанк1=Точка ПАО Банка "ФК Открытие", МОСКВА
ПолучательБанк2=МОСКВА
ПолучательБИК=044525999
ПолучательКорсчет=30101810845250000999
ВидПлатежа=Электронно
ВидОплаты=17
ПлательщикКПП=772401001
ПолучательКПП=770543002
СрокПлатежа=17.03.2018
Очередность=5
НазначениеПлатежа=НДС в составе комиссии за осуществление валютного контроля по документу №1402 от 17.07.2018 согласно Правилам банковского обслуживания.  
КонецДокумента
СекцияДокумент=Платежное поручение
Номер=79
Дата=28.03.2018
Сумма=32500
ПлательщикСчет=40702810101500002901
ДатаСписано=28.03.2018
ПлательщикИНН=7724384530
Плательщик1=ООО "ЛЭВЭЛ АП"
ПлательщикРасчСчет=40702810101500002901
ПлательщикБанк1=ТОЧКА ПАО БАНКА «ФК ОТКРЫТИЕ»
ПлательщикБанк2=МОСКВА
ПлательщикБИК=044525999
ПлательщикКорсчет=30101810845250000999
ПолучательСчет=40802810700000001894
ДатаПоступило=
ПолучательИНН=770106145828
Получатель1=ИП КОСТ АЛЕКСАНДРА ВЯЧЕСЛАВОВНА
ПолучательРасчСчет=40802810700000001894
ПолучательБанк1=АО "ТИНЬКОФФ БАНК", МОСКВА
ПолучательБанк2=МОСКВА
ПолучательБИК=044525974
ПолучательКорсчет=30101810145250000974
ВидПлатежа=Электронно
ВидОплаты=01
ПлательщикКПП=772401001
СрокПлатежа=28.03.2018
Очередность=5
НазначениеПлатежа=Оплата за услуги по созданию видеороликов League of Legends по счету №3 от 21 июля 2018 г. Без НДС
КонецДокумента
СекцияДокумент=Платежное поручение
Номер=80
Дата=28.03.2018
Сумма=10000
ПлательщикСчет=40702810101500002901
ДатаСписано=28.03.2018
ПлательщикИНН=7724384530
Плательщик1=ООО "ЛЭВЭЛ АП"
ПлательщикРасчСчет=40702810101500002901
ПлательщикБанк1=ТОЧКА ПАО БАНКА «ФК ОТКРЫТИЕ»
ПлательщикБанк2=МОСКВА
ПлательщикБИК=044525999
ПлательщикКорсчет=30101810845250000999
ПолучательСчет=40802810700000001894
ДатаПоступило=
ПолучательИНН=770106145828
Получатель1=ИП КОСТ АЛЕКСАНДРА ВЯЧЕСЛАВОВНА
ПолучательРасчСчет=40802810700000001894
ПолучательБанк1=АО "ТИНЬКОФФ БАНК", МОСКВА
ПолучательБанк2=МОСКВА
ПолучательБИК=044525974
ПолучательКорсчет=30101810145250000974
ВидПлатежа=Электронно
ВидОплаты=01
ПлательщикКПП=772401001
СрокПлатежа=28.03.2018
Очередность=5
НазначениеПлатежа=Оплата за услуги по созданию заставки League of Legends по счету №4 от 21 июля 2018 г. Без НДС
КонецДокумента
КонецФайла
