1CClientBankExchange
ВерсияФормата=1.02
Кодировка=Windows
Отправитель=Tinkoff
Получатель=unknown
ДатаСоздания=08.02.2019
ВремяСоздания=13:24:24
ДатаНачала=01.01.2019
ДатаКонца=31.01.2019
РасчСчет=40702978410000003920
СекцияРасчСчет
ДатаНачала=01.01.2019
ДатаКонца=31.01.2019
РасчСчет=40702978410000003920
НачальныйОстаток=178.51
ВсегоПоступило=6691.88
ВсегоСписано=6870.39
КонечныйОстаток=0
КонецРасчСчет

СекцияДокумент=Мемориальный ордер
Номер=3
Дата=10.01.2019
Сумма=1413.2
ДатаСписано=10.01.2019
Плательщик=INN5260281754
HELGI LIMITED LIABILITY COMPANY
UL ULYANOVA,46,OF 2210A
/RU/G NIZHNIY NOVGOROD
Плательщик1=INN5260281754
HELGI LIMITED LIABILITY COMPANY
UL ULYANOVA,46,OF 2210A
/RU/G NIZHNIY NOVGOROD
ПлательщикСчет=40702978410000003920
ПлательщикИНН=5260281754
ПлательщикРасчСчет=40702978410000003920
ПлательщикКорсчет=30101810145250000974
ПлательщикБИК=044525974
ПлательщикБанк1=АО "ТИНЬКОФФ БАНК"
Получатель=SIA WEBINVEST
ANTONIJAS,9-14
/LV/RIGA
Получатель1=SIA WEBINVEST
ANTONIJAS,9-14
/LV/RIGA
ПолучательСчет=LV82NDEA0000083700958
ПолучательИНН=7710140679
ПолучательРасчСчет=LV82NDEA0000083700958
ПолучательБИК=CHASDEFX
ПолучательБанк1=АО "ТИНЬКОФФ БАНК"
ВидОплаты=09
НазначениеПлатежа=PAYMENT DUE CONTRACT 0110/2018 FOR 01.10.18-31.12.18 PERIOD.
КонецДокумента

КонецФайла