1CClientBankExchange
ВерсияФормата=1.02
Кодировка=Windows
Отправитель=имя_банка
Получатель=moedelo.org
ДатаСоздания=29.03.2018
ВремяСоздания=12:42:46
ДатаНачала=29.03.2018
ДатаКонца=29.03.2018
РасчСчет=12345678901234567890
СекцияРасчСчет
ДатаНачала=29.03.2018
ДатаКонца=29.03.2018
РасчСчет=12345678901234567890
НачальныйОстаток=12578,73
ВсегоПоступило=547,97
ВсегоСписано=689,65
КонечныйОстаток=16589,98
КонецРасчСчет
СекцияДокумент=Платежное поручение
Номер=1
Дата=29.03.2018 12:42:46
Сумма=547,97
ДатаПоступило=29.03.2018 0:00:00
Плательщик=Плательщик 1
Плательщик1=Плательщик 1
ПлательщикСчет=12345678901234567890
ПлательщикИНН=787874944941
ПлательщикРасчСчет=12345678901234567890
ПлательщикКорсчет=12345678901234567890
ПлательщикБИК=046546446
ПлательщикБанк1=Тинькофф
ПлательщикКПП=567484564
Получатель=Получатель 2
Получатель1=Получатель 2
ПолучательСчет=12345678901234567890
ПолучательИНН=787874944941
ПолучательРасчСчет=12345678901234567890
ПолучательКорсчет=12345678901234567890
ПолучательБИК=046546446
ПолучательБанк1=Тинькофф
ПолучательКПП=567484564
ВидОплаты=01
НазначениеПлатежа=Тестовая п/п без комисии
СтатусСоставителя=
ПоказательКБК=18210101011011000110
ОКАТО=87845415054
ПоказательОснования=тест
ПоказательПериода=тест
ПоказательНомера=тест
ПоказательДаты=29.03.2018
ПоказательТипа=тест
КонецДокумента
СекцияДокумент=Платежное поручение
Номер=2
Дата=29.03.2018 12:42:46
Сумма=547,97
ДатаПоступило=29.03.2018 0:00:00
Плательщик=Плательщик 1
Плательщик1=Плательщик 1
ПлательщикСчет=12345678901234567890
ПлательщикИНН=787874944941
ПлательщикРасчСчет=12345678901234567890
ПлательщикКорсчет=12345678901234567890
ПлательщикБИК=046546446
ПлательщикБанк1=Тинькофф
ПлательщикКПП=567484564
Получатель=Получатель 2
Получатель1=Получатель 2
ПолучательСчет=12345678901234567890
ПолучательИНН=787874944941
ПолучательРасчСчет=12345678901234567890
ПолучательКорсчет=12345678901234567890
ПолучательБИК=046546446
ПолучательБанк1=Тинькофф
ПолучательКПП=567484564
ВидОплаты=01
НазначениеПлатежа=Тестовая п/п без комисии
СтатусСоставителя=
ПоказательКБК=18210101011011000110
ОКАТО=87845415054
ПоказательОснования=тест
ПоказательПериода=тест
ПоказательНомера=тест
ПоказательДаты=29.03.2018
ПоказательТипа=тест
КонецДокумента
СекцияДокумент=Платежное поручение
Номер=3
Дата=29.03.2018 12:42:46
Сумма=547,97
ДатаПоступило=29.03.2018 0:00:00
Плательщик=Плательщик 1
Плательщик1=Плательщик 1
ПлательщикСчет=12345678901234567890
ПлательщикИНН=787874944941
ПлательщикРасчСчет=12345678901234567890
ПлательщикКорсчет=12345678901234567890
ПлательщикБИК=046546446
ПлательщикБанк1=Тинькофф
ПлательщикКПП=567484564
Получатель=Получатель 2
Получатель1=Получатель 2
ПолучательСчет=12345678901234567890
ПолучательИНН=787874944941
ПолучательРасчСчет=12345678901234567890
ПолучательКорсчет=12345678901234567890
ПолучательБИК=046546446
ПолучательБанк1=Тинькофф
ПолучательКПП=567484564
ВидОплаты=01
НазначениеПлатежа=Тестовая п/п без комисии
СтатусСоставителя=
ПоказательКБК=18210101011011000110
ОКАТО=87845415054
ПоказательОснования=тест
ПоказательПериода=тест
ПоказательНомера=тест
ПоказательДаты=29.03.2018
ПоказательТипа=тест
КонецДокумента
КонецФайла