1CClientBankExchange
ВерсияФормата=1.02
Кодировка=Windows
ДатаНачала=30.04.2018
ДатаКонца=30.05.2018
РасчСчет=40702810020190100070
СекцияРасчСчет
ДатаНачала=30.04.2018
ДатаКонца=30.05.2018
РасчСчет=40702810020190100070
НачальныйОстаток=15487.38
ВсегоПоступило=89234.56
ВсегоСписано=47062.39
КонечныйОстаток=57659.55
КонецРасчСчет

СекцияДокумент=Платежное поручение
Номер=3818
Дата=29.04.2018
Сумма=1392.01
ПлательщикСчет=40702810020190100070
ПлательщикИНН=3811179410
Плательщик=3811179410 ООО "СтройРемСервис"
Плательщик1=ООО "СтройРемСервис"
ПлательщикБИК=045004884
ПлательщикКорсчет=30101810550040000884
ПлательщикБанк1=НОВОСИБИРСКИЙ ФИЛИАЛ № 2 ПАО "БИНБАНК", г Новосибирск
ПлательщикРасчСчет=40702810020190100070
ПлательщикКПП=381101001
ПолучательСчет=40702810900220000737
ДатаСписано=03.05.2018
Получатель=Общество с ограниченной ответственностью "ОРБИТА"
Получатель1=Общество с ограниченной ответственностью "ОРБИТА"
ПолучательИНН=3801131995
ПолучательРасчСчет=40702810900220000737
ПолучательБанк1=ФСКБ ПРИМОРЬЯ "ПРИМСОЦБАНК" В Г.ИРКУТСКЕ, г Иркутск
ПолучательБИК=042520769
ПолучательКорсчет=30101810000000000769
ПолучательКПП=380101001
ВидПлатежа=
ВидОплаты=01
СрокПлатежа=03.05.2018
Очередность=5
СтатусСоставителя=
ПоказательКБК=
ОКАТО=
ПоказательОснования=
ПоказательПериода=
ПоказательНомера=
ПоказательДаты=..
ПоказательТипа=
Код=
НазначениеПлатежа=Оплата по счету № 970 от 27 апреля 2018 за товар НДС не облагается.
КонецДокумента

КонецФайла