1CClientBankExchange
ВерсияФормата=1.02
Кодировка=Windows
Отправитель=Tinkoff
Получатель=unknown
ДатаСоздания=19.04.2018
ВремяСоздания=10:55:16
ДатаНачала=28.02.2018
ДатаКонца=28.02.2018
РасчСчет=40702810110000023038
СекцияРасчСчет
ДатаНачала=28.02.2018
ДатаКонца=28.02.2018
РасчСчет=40702810110000023038
НачальныйОстаток=41751.43
ВсегоПоступило=25104.71
ВсегоСписано=0
КонечныйОстаток=66856.14
КонецРасчСчет

СекцияДокумент=Платежное поручение
Номер=70
Дата=28.02.2018
Сумма=25000
ДатаПоступило=28.02.2018
Плательщик=Общество с ограниченной ответственностью \"Меркурий\"
Плательщик1=Общество с ограниченной ответственностью \"Меркурий\"
ПлательщикСчет=40702810702260000402
ПлательщикИНН=7714345317
ПлательщикРасчСчет=40702810702260000402
ПлательщикКорсчет=30101810200000000593
ПлательщикБИК=044525593
ПлательщикБанк1=АО \"АЛЬФА-БАНК\"
Получатель=ООО \"ИНФОБУХУЧЕТ\"
Получатель1=ООО \"ИНФОБУХУЧЕТ\"
ПолучательСчет=40702810110000023038
ПолучательИНН=7735154433
ПолучательРасчСчет=40702810110000023038
ПолучательКорсчет=30101810145250000974
ПолучательБИК=044525974
ПолучательБанк1=АО \"ТИНЬКОФФ БАНК\"
ПолучательКПП=773501001
ВидОплаты=01
НазначениеПлатежа=Счет № 4 от 28.02.2018 г. Бухгалтерское обслуживание за февраль 2018 года.  НДС не облагается.
ПоказательНомера=0
Очередность=5
КонецДокумента

СекцияДокумент=Банковский ордер
Номер=6864744
Дата=28.02.2018
Сумма=104.71
ДатаПоступило=28.02.2018
Плательщик=АО \"ТИНЬКОФФ БАНК\"
Плательщик1=АО \"ТИНЬКОФФ БАНК\"
ПлательщикСчет=47426810300000011317
ПлательщикИНН=7710140679
ПлательщикРасчСчет=47426810300000011317
ПлательщикКорсчет=30101810145250000974
ПлательщикБИК=044525974
ПлательщикБанк1=АО \"ТИНЬКОФФ БАНК\"
ПлательщикКПП=773401001
Получатель=ОБЩЕСТВО С ОГРАНИЧЕННОЙ ОТВЕТСТВЕННОСТЬЮ \"ИНФОБУХУЧЕТ\"
Получатель1=ОБЩЕСТВО С ОГРАНИЧЕННОЙ ОТВЕТСТВЕННОСТЬЮ \"ИНФОБУХУЧЕТ\"
ПолучательСчет=40702810110000023038
ПолучательИНН=7735154433
ПолучательРасчСчет=40702810110000023038
ПолучательКорсчет=30101810145250000974
ПолучательБИК=044525974
ПолучательБанк1=АО \"ТИНЬКОФФ БАНК\"
ВидОплаты=17
НазначениеПлатежа=Выплата процентов на остаток по расчетному счету. Договор 7000469333
Очередность=5
КонецДокумента

КонецФайла