1CClientBankExchange
ВерсияФормата=1.03
Кодировка=Windows
Отправитель=Сбербанк Бизнес Онлайн
Получатель=
ДатаСоздания=14.05.2020
ВремяСоздания=12:01:48
ДатаНачала=14.05.2020
ДатаКонца=14.05.2020
РасчСчет=40702810438000047690
СекцияРасчСчет
ДатаНачала=14.05.2020
ДатаКонца=14.05.2020
НачальныйОстаток=1769230.09
РасчСчет=40702810438000047690
ВсегоСписано=929351.05
ВсегоПоступило=164084.18
КонечныйОстаток=1003963.22
КонецРасчСчет

СекцияДокумент=Платежное поручение
Номер=54316
Дата=14.05.2020
Сумма=904781.5
ПлательщикСчет=40702810438000047690
ДатаСписано=14.05.2020
Плательщик=ООО  ДОКТОР ФИНАНСОВ               ИНН 7703712491                     УЛ. КРАСНОСЕЛЬСКАЯ НИЖН., ДОМ 35, КМОСКВА, РОССИЯ
ПлательщикИНН=7703712491
ПлательщикКПП=770101001
ПлательщикРасчСчет=40702810438000047690
ПлательщикБанк1=Московский банк ПАО Сбербанк
ПлательщикБИК=044525225
ПлательщикКорсчет=30101810400000000225
ПолучательСчет=/40702978138000001920         
ДатаПоступило=
Получатель=ООО  ДОКТОР ФИНАНСОВ               ИНН 7703712491                     УЛ. КРАСНОСЕЛЬСКАЯ НИЖН., ДОМ 35, КМОСКВА, РОССИЯ
ПолучательИНН=7703712491
ПолучательКПП=770101001
ПолучательРасчСчет=/40702978138000001920         
ПолучательБанк1=ПАО СБЕРБАНК
ПолучательБИК=044525225
ПолучательКорсчет=30101810400000000225
ВидПлатежа=0
ВидОплаты=01
Код=
СтатусСоставителя=
ПоказательКБК=
ОКАТО=
ПоказательОснования=
ПоказательПериода=
ПоказательНомера=
ПоказательДаты=
ПоказательТипа=
Очередность=5
НазначениеПлатежа='ПОКУПКА 10850,00 EUR ПО ПОРУЧЕНИЮ НА ПОКУПКУ/ПРОДАЖУ ВАЛЮТЫ N5 ОТ 14/05/2020 ПО КУРСУ 83,39 (КУРС ЦБ 79,7775 ). БЕЗ НДС.'
КонецДокумента
КонецФайла